@preamble{ "\newcommand{\noopsort}[1]{} "
	# "\newcommand{\printfirst}[2]{#1} "
	# "\newcommand{\singleletter}[1]{#1} "
	# "\newcommand{\switchargs}[2]{#2#1} " }

@misc{proteins,
  title = {An excerpt of a multiple sequence alignment of tmem66 proteins},
  key = {protein alignment},
  howpublished = {\url{https://commons.wikimedia.org/wiki/File:An_excerpt_of_a_multiple_sequence_alignment_of_TMEM66_proteins.png}},
  note = {Accessed: 2017-05-10}
}

@misc{seqalign,
  title = {{Sequence Alignment and Dynamic Programming, Lecture notes for 6.096}},
  author={Algorithms for Computational Biology},
  howpublished = {\url{https://ocw.mit.edu/courses/electrical-engineering-and-computer-science/6-096-algorithms-for-computational-biology-spring-2005/lecture-notes/lecture5_newest.pdf}},
}

@article{byrd-testbed, 
  title        =           {{Towards a Standard Testbed for Optical Music Recognition: Definitions, Metrics, and Page Images}}, 
  volume   =         {44.3}, 
  url     =        {http://homes.soic.indiana.edu/donbyrd/Papers/OMRStandardTestbed_figinline.pdf}, 
  journal   =         {Journal of New Music Research}, 
  author   =     {Byrd, Donald and Simonsen, Jakob Grue}, 
  year  = {2015}, 
  pages={169-- 195}
}
	
@inproceedings{church,
  author        ={Church, Maura and Cuthbert, Michael Scott},
  title         ={{Improving Rhythmic Transcriptions via Probability Models Applied Post-{OMR}}},
  crossref =     {ismir},
  pages =        {643-- 647}
}

@proceedings{ismir,
  editor =       {Wang, Hsin-Min and Yang, Yi-Hsuan and Lee, Jin Ha},
  title =        "ISMIR 2014",
  booktitle =    "Proceedings of the 15th Conference of the International Society for Music Information Retrieval ",
  publisher =    {ISMIR},
  venue =        {Taipei, Taiwan},
  month =        {10,},
  year =         {2014}
}

@inproceedings{peachnote,
  author        ={Viro, Vladimir},
  title         ={{Peachnote: Music Score Search and Analysis Platform}},
  crossref =     {ismir12},
  pages =        {359-- 362}
}

@proceedings{ismir12,
  editor =       {Klapuri, Anssi and Leider Kolby},
  title =        "ISMIR 2014",
  booktitle =    "Proceedings of the 12th Conference of the International Society for Music Information Retrieval ",
  publisher =    {ISMIR},
  venue =        {Miami, Florida },
  month =        {10,},
  year =         {2014}
}


@phdthesis{typke,
  author       = {Peter Joslin}, 
  title        = {Music Retrieval based on Melodic Similarity},
  school       = {Universiteit Utrecht},
  year         = 2007
 }
 
 @article{temperley, 
  title        =           {{An Algorithm for Harmonic Analysis}}, 
  volume   =         {15.1}, 
  journal   =         {Music Perception: An Interdisciplinary Journal}, 
  author   =     {Temperley, David}, 
  year  = {1997}, 
  pages={31-- 68}
}
 
@article{hewlett, 
  title        =           {{A Base-40 Number-line Representation of Musical Pitch Notation}}, 
  volume   =         {4}, 
  url     =        {http://www.ccarh.org/publications/reprints/base40/}, 
  journal   =         {Musikometrika}, 
  author   =     {Hewlett, Walter B}, 
  year  = {1992}, 
  pages={1--14}
}

@article{rebelo, 
  title={{Optical Music Recognition - State-of-the-Art and Open Issues}}, 
  volume={1}, DOI={10.1007/s13735-012-0004-6}, 
  number={3}, 
  journal={International Journal of Multimedia Information Retrieval}, 
  author={Rebelo, Ana and Fujinaga, Ichiro and Paszkiewicz, Filipe and Marcal, Andre R. S. and Guedes, Carlos and Cardoso, Jaime S.}, 
  year={2012}, 
  month={Feb}, 
  pages={173--190}}

@article{needleman, 
  title={{A general method applicable to the search for similarities in the amino acid sequence of two proteins}}, 
  volume={48}, 
  DOI={10.1016/0022-2836(70)90057-4}, 
  number={3}, 
  journal={Journal of Molecular Biology}, 
  author={Needleman, Saul B. and Wunsch, Christian D.}, 
  year={1970}, 
  month={March}, 
  pages={443-- 453}}


@phdthesis{white,
  author       = {White, Christopher Wm.}, 
  title        = {Some statistical properties of tonality, 1650-1900},
  school       = {Yale University},
  year         = 2013
 }
 
@misc{imslp,
  key = {IMSLP},
  title = {{IMSLP/Petrucci Library Free Public Domain Sheet Music}},
  howpublished = {\url{http://imslp.org/}},
  note = {Accessed: 2015-10-10}
}
 
@misc{k525,
  title = {Eine {Kleine} {Nachtmusik}, {K}. 525},
  author={Mozart, Wolfgang Amadeus},
  howpublished = {\url{http://ks.petruccimusiclibrary.org/files/imglnks/usimg/5/57/IMSLP01776-Mozart_EineKleineNachtmusik_Score.pdf}},
  note = {Accessed: 2017-05-23}
}


@misc{k160,
  title = {{String Quartet No.7 in E-flat major, K.160/159a}},
  author={Mozart, Wolfgang Amadeus},
  howpublished = {\url{http://ks.petruccimusiclibrary.org/files/imglnks/usimg/f/f1/IMSLP64127-PMLP05214-Mozart_Werke_Breitkopf_Serie_14_KV160.pdf}},
  note = {Accessed: 2017-05-23}
}

@misc{openscore,
  title = {OpenScore},
  key = {openscore},
  howpublished = {\url{https://musescore.org/en/user/57401/blog/2017/01/11/introducing-openscore}},
  note = {Accessed: 2017-05-22}
}

@misc{m21,
  title = {{Music21: A Toolkit for Computational Musicology}},
  author={Cuthbert, Michael Scott},
  howpublished = {\url{http://web.mit.edu/music21/}}
}


